@misc{VitalikButerin2018quotVitalikEthereum,
    title = {{{\&}quot;Vitalik Buterin: Ethash ASICs Not a Threat to Ethereum{\&}quot; : ethereum}},
    year = {2018},
    booktitle = {Reddit},
    author = {{Vitalik Buterin}},
    url = {https://www.reddit.com/r/ethereum/comments/8b1nhk/vitalik_buterin_ethash_asics_not_a_threat_to/}
}

@misc{MichaelJCaseyLayerCoinDesk,
    title = {{'Layer 2' Blockchain Tech Is an Even Bigger Deal Than You Think - CoinDesk}},
    booktitle = {Coindesk},
    author = {{Michael J Casey}},
    url = {https://www.coindesk.com/layer-2-blockchain-tech-even-bigger-deal-think}
}

@techreport{Kwon2018ALedgers,
    title = {{A Network of Distributed Ledgers}},
    year = {2018},
    author = {Kwon, Jae and Buchman, Ethan},
    url = {https://cosmos.network/cosmos-whitepaper.pdf}
}

@techreport{ButerinAPLATFORM,
    title = {{A NEXT GENERATION SMART CONTRACT {\&}amp; DECENTRALIZED APPLICATION PLATFORM}},
    author = {Buterin, Vitalik},
    url = {http://blockchainlab.com/pdf/Ethereum_white_paper-a_next_generation_smart_contract_and_decentralized_application_platform-vitalik-buterin.pdf}
}

@article{Nakamoto2008Bitcoin:System,
    title = {{Bitcoin: A Peer-to-Peer Electronic Cash System}},
    year = {2008},
    journal = {Www.Bitcoin.Org},
    author = {Nakamoto, Satoshi},
    pages = {9},
    url = {www.bitcoin.org https://bitcoin.org/bitcoin.pdf},
    isbn = {978-972-757-716-3},
    doi = {10.1007/s10838-008-9062-0},
    issn = {09254560},
    pmid = {14533183},
    arxivId = {43543534534v343453}
}

@misc{2018ClientsWiki,
    title = {{Clients - Bitcoin Wiki}},
    year = {2018},
    booktitle = {Bitcoin},
    url = {https://en.bitcoin.it/wiki/Clients}
}

@misc{ChrisHammerschmidt2017ConsensusMedium,
    title = {{Consensus in Blockchain Systems. In Short. – Chris Hammerschmidt – Medium}},
    year = {2017},
    booktitle = {Medium},
    author = {{Chris Hammerschmidt}},
    url = {https://medium.com/@chrshmmmr/consensus-in-blockchain-systems-in-short-691fc7d1fefe}
}

@misc{ConsensusInvestopedia,
    title = {{Consensus Mechanism (Cryptocurrency) Definition | Investopedia}},
    booktitle = {Investopedia},
    url = {https://www.investopedia.com/terms/c/consensus-mechanism-cryptocurrency.asp}
}

@techreport{PreneelCRYPTOGRAPHICOVERVIEW,
    title = {{CRYPTOGRAPHIC HASH FUNCTIONS: AN OVERVIEW}},
    author = {Preneel, Bart},
    url = {https://www.esat.kuleuven.be/cosic/publications/article-289.pdf}
}

@article{Dewan2015DetectingFacebook,
    title = {{Detecting Malicious Content on Facebook}},
    year = {2015},
    author = {Dewan, Prateek and Kumaraguru, Ponnurangam},
    month = {1},
    url = {http://arxiv.org/abs/1501.00802},
    arxivId = {1501.00802}
}

@misc{DigitalDraglet.com,
    title = {{Digital Tokens: Colored Coins and Ethereum Tokens | Draglet.com}},
    booktitle = {Draglet},
    url = {https://www.draglet.com/blockchain-services/blockchain-technology/digital-tokens/}
}

@techreport{Gorter2011DNBInvestors,
    title = {{DNB WorkiNg PaPer DNB Working Paper Investment risk taking by institutional investors}},
    year = {2011},
    author = {Gorter, Janko and Bikker, Jacob A},
    url = {https://www.dnb.nl/binaries/working%20paper%20294_tcm46-253007.pdf}
}

@techreport{Wood2018ETHEREUM:LEDGER,
    title = {{ETHEREUM: A SECURE DECENTRALISED GENERALISED TRANSACTION LEDGER}},
    year = {2018},
    author = {Wood, Gavin},
    url = {https://ethereum.github.io/yellowpaper/paper.pdf}
}

@techreport{Bertoni2012KeccakOverview,
    title = {{Keccak Implementation Overview}},
    year = {2012},
    author = {Bertoni, Guido and Daemen, Joan and Peeters, Michaël and Assche, Gilles Van and Keer, Ronny Van},
    url = {http://keccak.noekeon.org/}
}

@misc{JohnLamb2008LegacyEnterprise,
    title = {{Legacy systems continue to have a place in the enterprise}},
    year = {2008},
    booktitle = {Computer Weekly},
    author = {{John Lamb}},
    url = {https://www.computerweekly.com/feature/Legacy-systems-continue-to-have-a-place-in-the-enterprise}
}

@misc{2017Merkle2017,
    title = {{Merkle Proof Signature Suite 2017}},
    year = {2017},
    booktitle = {W3C},
    url = {https://w3c-dvcg.github.io/lds-merkleproof2017/}
}

@incollection{Croman2016OnBlockchains,
    title = {{On Scaling Decentralized Blockchains}},
    year = {2016},
    author = {Croman, Kyle and Decker, Christian and Eyal, Ittay and Gencer, Adem Efe and Juels, Ari and Kosba, Ahmed and Miller, Andrew and Saxena, Prateek and Shi, Elaine and G{\"{u}}n Sirer, Emin and Song, Dawn and Wattenhofer, Roger},
    pages = {106--125},
    publisher = {Springer, Berlin, Heidelberg},
    url = {http://link.springer.com/10.1007/978-3-662-53357-4_8},
    doi = {10.1007/978-3-662-53357-4{\_}8}
}

@techreport{GavinWood2018POLKADOT:FRAMEWORK,
    title = {{POLKADOT: VISION FOR A HETEROGENEOUS MULTI-CHAIN FRAMEWORK}},
    year = {2018},
    author = {{Gavin Wood}},
    url = {https://github.com/ethereum/wiki/wiki/Chain-Fibers-Redux}
}

@techreport{PROBLEMSPROCESSING,
    title = {{PROBLEMS OF CONCURRENT PROCESSING}},
    url = {https://www.cs.auckland.ac.nz/~alan/courses/os/book/4.How.19.probconcurrent.pdf}
}

@misc{RayahMajor2018Proof-of-StakePOW,
    title = {{Proof-of-Stake (POS) outperforms Bitcoin’s Proof-of-Work (POW)}},
    year = {2018},
    booktitle = {Medium},
    author = {{Rayah Major}},
    url = {https://hackernoon.com/is-bft-consensus-effective-for-proof-of-stake-blockchain-implementations-dc01f429d225}
}

@misc{2018SWIFTTransferWise,
    title = {{SWIFT Meaning? All You Need to Know about SWIFT Bank Transfers - TransferWise}},
    year = {2018},
    booktitle = {Transferwise},
    url = {https://transferwise.com/gb/blog/everything-you-need-to-know-about-swift-network}
}

@article{Trifa2014SybilAttack,
    title = {{Sybil Nodes as a Mitigation Strategy Against Sybil Attack}},
    year = {2014},
    journal = {Procedia Computer Science},
    author = {Trifa, Zied and Khemakhem, Maher},
    month = {1},
    pages = {1135--1140},
    volume = {32},
    publisher = {Elsevier},
    url = {https://www.sciencedirect.com/science/article/pii/S1877050914007443?via%3Dihub},
    doi = {10.1016/J.PROCS.2014.05.544},
    issn = {1877-0509}
}

@techreport{TheZilliqaTeam2017TheWhitepaper,
    title = {{The ZILLIQA Technical Whitepaper}},
    year = {2017},
    author = {{The Zilliqa Team}},
    url = {www.zilliqa.com}
}

@misc{2018WhatAcademy,
    title = {{What is Hashing? » Learn about Blockchain | Lisk Academy}},
    year = {2018},
    booktitle = {Lisk},
    url = {https://lisk.io/academy/blockchain-basics/how-does-blockchain-work/what-is-hashing}
}

@misc{TendermintTeam2018WhatDocumentation,
    title = {{What is Tendermint? — Tendermint documentation}},
    year = {2018},
    booktitle = {Tendermint},
    author = {{Tendermint Team}},
    url = {https://tendermint.readthedocs.io/projects/tools/en/v0.21.0/introduction.html}
}